@inproceedings{Ermiana2020,
address = {Paris, France},
author = {Ermiana, Ida and Karma, I Nyoman and Affandi, Lalu Hamdian},
booktitle = {Proceedings of the 1st Annual Conference on Education and Social Sciences (ACCESS 2019)},
doi = {10.2991/assehr.k.200827.060},
isbn = {978-94-6239-047-8},
pages = {238--241},
publisher = {Atlantis Press},
title = {{The Effectiveness of Multimedia-Based Learning on Students' Concept Understanding at Grade 4 Elementary School in Kediri District}},
url = {https://www.atlantis-press.com/article/125943835},
year = {2020}
}

@article{Erfan2020,
author = {Erfan, M and Maulyda, M A and Gunawan, G and Sari, N and Ratu, T},
doi = {10.1088/1742-6596/1471/1/012061},
file = {:C$\backslash$:/Users/ASUS/AppData/Local/Mendeley Ltd./Mendeley Desktop/Downloaded/Erfan et al. - 2020 - Enhancing Students Ability in Analyzing Image Formation on Lens and Mirror Using Ray Optics.pdf:pdf},
issn = {1742-6588},
journal = {Journal of Physics: Conference Series},
month = {feb},
pages = {012061},
title = {{Enhancing Students Ability in Analyzing Image Formation on Lens and Mirror Using Ray Optics}},
url = {https://iopscience.iop.org/article/10.1088/1742-6596/1471/1/012061},
volume = {1471},
year = {2020}
}

@article{Maulyda2020,
author = {Maulyda, M A and Rahmatih, A N and Gunawan, G and Hidayati, V R and Erfan, M},
doi = {10.1088/1742-6596/1471/1/012037},
file = {:C$\backslash$:/Users/ASUS/AppData/Local/Mendeley Ltd./Mendeley Desktop/Downloaded/Maulyda et al. - 2020 - Retroactive Thinking Interference of Grade VI Students A Study on the Topics of PISA Literacy Lessons.pdf:pdf},
issn = {1742-6588},
journal = {Journal of Physics: Conference Series},
month = {feb},
pages = {012037},
title = {{Retroactive Thinking Interference of Grade VI Students: A Study on the Topics of PISA Literacy Lessons}},
url = {https://iopscience.iop.org/article/10.1088/1742-6596/1471/1/012037},
volume = {1471},
year = {2020}
}

@article{Affandi2020,
abstract = {Tujuan dari penelitian ini adalah untuk menguji kebahagiaan sebagai variable penjelas hasil belajar. Responden dalam penelitian ini adalah 222 orang siswa kelas 4-6 sekolah dasar di Kota Mataram. Data diperoleh dengan angket dan dokumentasi. Angket dalam penelitian ini dikembangkan dari Multidimensional Student's Life Satisfaction Scale (MSLSS) Huebner. Sedangkan dokumentasi digunakan untuk mengumpulkan data tentang hasil belajar siswa. Data dalam penelitian ini dianalisis dengan teknik Korelasi Pearson Product Moment. Penelitian ini menyimpulkan bahwa kebahagiaan siswa tidak bisa dijadikan sebagai variable penjelas hasil belajar. Temuan penelitian ini berbeda dengan kesimpulan penelitian sebelumnya yang menjadikan tingkat kebahagiaan sebagai predictor hasil belajar siswa. Selanjutnya, penelitian ini menyarankan agar dilakukan penelitian yang lebih sistematis dan ketat dengan melibatkan siswa dengan karakteristik yang lebih beragam.},
author = {Affandi, Lalu Hamdian and Saputra, Heri Hadi and Husniati, Husniati},
doi = {10.29303/prospek.v1i3.21},
issn = {2721-9348},
journal = {PROGRES PENDIDIKAN},
month = {aug},
number = {3},
pages = {168--176},
title = {{Apakah Tingkat Kebahagiaan Bisa Menjelaskan Hasil Belajar Siswa Sekolah Dasar?}},
url = {http://prospek.unram.ac.id/index.php/PROSPEK/article/view/21},
volume = {1},
year = {2020}
}
